@article{bessen,
	title={How computer automation affects occupations: Technology, jobs, and skills},
	author={Bessen, James E},
	journal={Boston Univ.\ school of law, law and economics research paper},
	number={15-49},
	year={2016}
}

@article{pham,
	title={The impact of Robotics and Automation on Working Conditions and Employment [Ethical, Legal, and Societal Issues]},
	author={Pham, Q-C and Madhaven, Raj and Righetti, Ludovic and Smart, William and Chatila, Raja},
	journal={IEEE Robotics \& Automation Magazine},
	volume={25},
	number={2},
	pages={126--128},
	year={2018},
	publisher={IEEE}
}

@article{pacaux,
	title={Ethical risks of human-machine symbiosis in industry 4.0: insights from the human-machine cooperation approach},
	author={Pacaux-Lemoine, Marie-Pierre and Trentesaux, Damien},
	journal={IFAC-PapersOnLine},
	volume={52},
	number={19},
	pages={19--24},
	year={2019},
	publisher={Elsevier}
}

@article{borry,
	title={Automation in the Public Sector: Efficiency at the Expense of Equity?},
	author={Borry, Erin L and Getha-Taylor, Heather},
	journal={Public Integrity},
	volume={21},
	number={1},
	pages={6--21},
	year={2019},
	publisher={Taylor \& Francis}
}

@article{sucher,
	title={Layoffs: Effects on Key Stakeholders},
	author={Sucher, Sandra j and Green, Elana Sara and Rosales, David Alberto and Wnerberg, Susan j},
	year={2010}
}
