@article{gubbi,
	author = "J. Gubbi and R. Buyya and S. Marusic and M. Palaniswami",
	title = "Internet of things (iot): A vision, architectural elements, and future directions",
	journal = "Future Generation Computer Systems",
	year = "2013"
}

@article{ronen,
	author = "E. Ronen and A. Shamir",
	title = "Extended Functionality Attacks on IoT Devices: The Case of Smart Lights",
	journal = "2016 IEEE European Symposium on Security and Privacy (EuroS&P)",
	year = "2016"
}

@article{williams,
	author = "R. Williams and E. McMahon and S. Samtani and M. Patton and H. Chen",
	title = "Identifying vulnerabilities of consumer Internet of Things (IoT) devices: A scalable approach",
	journal = "2017 IEEE Interantional Conference on Intelligence and Security Informatics (ISI)",
	year = "2017"
}


@misc{ericson,
	author = "Ericson",
	title = "Ericson Mobility Report: Read the latest report",
	url = "https://www.ericson.com/en/mobility-report",
	addendum = "(Accessed: 25.04.2020)"
}

@misc{cisco,
	author = "Cisco",
	Title = "Anatomy of an IoT attack",
	url = "https://www.youtube.com/watch?v=GvLnb4YQHh0",
	addendum = "(Accessed: 25.04.2020)"
}
